@article{nakamoto2008bitcoin,
  title={Bitcoin: A peer-to-peer electronic cash system},
  author={Nakamoto, Satoshi},
  journal={Decentralized Business Review},
  pages={21260},
  year={2008}
}
@misc{scott2017steem,
  title={Steem. An incentivized, blockchain-based, public content platform},
  author={Scott, Ned and Larimer, Dan},
  year={2017}
}
@misc{dmedia,
  author = {Asmita Karanje},
  title = {{Decentralized Social Media Platforms Aren’t New, They Just Aren’t Popular}},
  howpublished = "\url{https://medium.com/swlh/decentralized-social-media-platforms-arent-new-they-just-aren-t-popular-2a3bf64a9d51}",
  year = {2021}, 
  note = "[Online; accessed 9-Jan-2021]"
}
@misc{dmedia,
  author = {Pick Farmer, Sutula Hagopian, Gozalishvili Hill},
  title = {{A protocol & event-sourced database
for decentralized user-siloed data}},
  year = {2020}, 
  note = "[Online; accessed 9-Jan-2021]"
}
